@techreport{nasa_inject,
  author      = {David L. Daggett and Lars Fucke and Robert C. Hendricks and David J.H. Eames},
  title       = {Water Injection on Commercial Aircraft to Reduce Airport Nitrogen Oxides},
  institution = {National Aeronautics and Space Administration},
  year        = {2010},
  type        = {},
  number      = {213179},
  address     = {},
  month       = {March},
  note        = {},
  annote      = {}
}

@article{Dubois2006,
  title     = {'Fuel Flow Method2' for Estimating Aircraft Emissions.},
  author    = {Dubois, Doug and Paynter, Gerald C.},
  journal   = {SAE International},
  volume    = {115},
  pages     = {1--14},
  year      = {2006},
  publisher = {}
}

@article{Adler2022d,
  author = {Adler, Eytan and Martins, Joaquim},
  year   = {2022},
  month  = {12},
  pages  = {},
  title  = {Hydrogen-Powered Aircraft: Fundamental Concepts, Key Technologies, and Environmental Impacts}
}

@article{Voet2021,
  title     = {The impact of design space constraints on the noise and emissions from derivative engines for civil supersonic aircraft.},
  author    = {Voet J. A. Laurens and Prakash Prashanth and Raymond L. Speth and Jayant S. Sabnis and Choon S. Tan and Steven R. H. Barrett},
  journal   = {AIAA Scitech Forum},
  volume    = {},
  pages     = {1--21},
  year      = {2021},
  publisher = {AIAA},
  doi       = {10.2514/6.2021-1272}
}

@misc{cantera,
  author       = {David G. Goodwin and Harry K. Moffat and Ingmar Schoegl and Raymond L.
                  Speth and Bryan W. Weber},
  title        = {Cantera: An Object-oriented Software Toolkit for Chemical
                  Kinetics, Thermodynamics, and Transport Processes},
  year         = 2022,
  note         = {Version 2.6.0},
  howpublished = {\url{https://www.cantera.org}},
  doi          = {10.5281/zenodo.6387882}
}

@misc{hysiite,
  title        = {Jet Fuel Characteristics},
  year         = {2022},
  note         = {Accessed: 2022-12-19},
  howpublished = {\url{https://www.greencarcongress.com/2022/02/20220224-hysiite.html}}
}

@misc{boeingJetA,
  title        = {Pratt and Whitney awarded \$3.8M by ARPA-E to develop novel hydrogen-fueled propulsion for aviation: HySIITE},
  author       = {Dave Lawicki},
  company      = {Boeing},
  year         = {2002},
  note         = {Accessed: 2022-12-23},
  howpublished = {\url{https://www.smartcockpit.com/docs/Jet_Fuel_Characteristics.pdf}}
}
@misc{engtoolboxH2,
  title        = {Fuels - Higher and Lower Calorific Values},
  year         = {2022},
  note         = {Accessed: 2022-12-23},
  howpublished = {\url{https://www.engineeringtoolbox.com/fuels-higher-calorific-values-d_169.html}}
}

@article{pyopt-paper,
  author  = {Ruben E. Perez and Peter W. Jansen and Joaquim R. R. A. Martins},
  title   = {py{O}pt: A {P}ython-Based Object-Oriented Framework for Nonlinear Constrained Optimization},
  journal = {Structures and Multidisciplinary Optimization},
  year    = {2012},
  volume  = {45},
  number  = {1},
  pages   = {101--118},
  doi     = {10.1007/s00158-011-0666-3}
}

@misc{thermo,
  author       = {Caleb B. and Contributors},
  title        = {Thermo: Chemical properties component of Chemical Engineering Design Library (ChEDL)},
  year         = {2021},
  publisher    = {GitHub},
  journal      = {GitHub repository},
  howpublished = {\url{https://github.com/CalebBell/thermo}}
}

@misc{moove,
  title        = {What is Mobil Jet Oil?},
  howpublished = {Moove Aviation Website Article},
  month        = 5,
  year         = 2017,
  note         = {https://www.mooveaviation.-
                  com/news/5/what-is-mobil-jet-oil}
}

@misc{mobil,
  title        = {Mobil Jet Oil II},
  howpublished = {ExxonMobil Datasheet},
  note         = {https://www.exxonmobil.com/en/aviation
                  /products-and-services/products/mobil-jet-oil-ii}
}

@article{wang,
  author  = {Jixiang Wang and Yunze Li and Xiandong Liu and Chaoqun Shen and Hongsheng Zhang and Kai Xiong},
  title   = {Recent active thermal management technologies for the development of energy-optimized aerospace vehicles in China},
  journal = {Chinese Journal of Aeronautics},
  year    = 2021,
  number  = 34,
  pages   = {1-27},
  month   = 2,
  volume  = 2
}

@article{bair,
  author  = {Scott Bair},
  title   = {Density Scaling of the Thermal Conductivity of a Jet Oil},
  journal = {Tribology Transactions},
  year    = 2014,
  number  = 57,
  pages   = {647-652},
  month   = 6,
  doi     = {10.1080/10402004.2014.898353},
  volume  = 4
}

@article{alyanak,
  author  = {Edward J. Alyanak and Darcy L. Allison},
  title   = {Fuel Thermal Management System Considerations in the Aircraft Conceptual Design Process},
  journal = {AIAA SciTech Forum},
  year    = 2016,
  number  = 57,
  pages   = {647-652},
  month   = 6,
  doi     = {10.2514/6.2016-0670},
  volume  = 4
}

@article{manglik,
  author  = {Raj M. Manglik and Arthur E. Bergles},
  title   = {Heat Transfer and Pressure Drop Correlations for the Rectangular Offset Strip Fin
             Compact Heat Exchanger},
  journal = {Experimental Thermal and Fluid Science},
  year    = 1995,
  pages   = {171-180},
  doi     = {10.1016/0894-1777(94)00096-Q},
  volume  = 10
}

@inproceedings{alyanak,
  address   = {{S}an Diego,~{CA}},
  author    = {Edward J. Alyanak and Darcy L. Allison},
  booktitle = {AIAA SciTech Forum},
  doi       = {10.2514/6.2016-0670},
  month     = {January},
  title     = {Fuel Thermal Management System Considerations in
               the Aircraft Conceptual Design Process},
  year      = {2016}
}

@inproceedings{schmeink,
  address   = {{S}an Diego,~{CA}},
  author    = {J. Häßy and J. Schmeink and R. Becker and S. Reitenbach and M. Viewg and P. Bekemeyer and A. Merle},
  booktitle = {AIAA Aviation Forum},
  doi       = {10.2514/6.2020-3186},
  month     = {June},
  title     = {Hybrid Surrogate-Based Rubber Engine Model for Aircraft
               Multidisciplinary Design Optimization},
  year      = {2020}
}