@techreport{nasa_inject,
  author      = {David L. Daggett and Lars Fucke and Robert C. Hendricks and David J.H. Eames},
  title       = {Water Injection on Commercial Aircraft to Reduce Airport Nitrogen Oxides},
  institution = {National Aeronautics and Space Administration},
  year        = {2010},
  type        = {},
  number      = {213179},
  address     = {},
  month       = {March},
  note        = {},
  annote      = {}
}

@article{Dubois2006,
  title     = {'Fuel Flow Method2' for Estimating Aircraft Emissions.},
  author    = {Dubois, Doug and Paynter, Gerald C.},
  journal   = {SAE International},
  volume    = {115},
  pages     = {1--14},
  year      = {2006},
  publisher = {}
}

@article{Voet2021,
  title     = {The impact of design space constraints on the noise and emissions from derivative engines for civil supersonic aircraft.},
  author    = {Voet J. A. Laurens and Prakash Prashanth and Raymond L. Speth and Jayant S. Sabnis and Choon S. Tan and Steven R. H. Barrett},
  journal   = {AIAA Scitech Forum},
  volume    = {},
  pages     = {1--21},
  year      = {2021},
  publisher = {AIAA},
  doi       = {10.2514/6.2021-1272}
}

@misc{cantera,
  author       = {David G. Goodwin and Harry K. Moffat and Ingmar Schoegl and Raymond L.
                  Speth and Bryan W. Weber},
  title        = {Cantera: An Object-oriented Software Toolkit for Chemical
                  Kinetics, Thermodynamics, and Transport Processes},
  year         = 2022,
  note         = {Version 2.6.0},
  howpublished = {\url{https://www.cantera.org}},
  doi          = {10.5281/zenodo.6387882}
}

@article{hysiite,
  title        = {Pratt & Whitney awarded $3.8M by ARPA-E to develop novel hydrogen-fueled propulsion for aviation: HySIITE},
  publisher    = {Green Car Congress},
  year         = {2022},
  howpublished = {\url{https://www.greencarcongress.com/2022/02/20220224-hysiite.html}}
}