@techreport{nasa_inject,
  author      = {David L. Daggett and Lars Fucke and Robert C. Hendricks and David J.H. Eames},
  title       = {Water Injection on Commercial Aircraft to Reduce Airport Nitrogen Oxides},
  institution = {National Aeronautics and Space Administration},
  year        = {2010},
  type        = {},
  number      = {213179},
  address     = {},
  month       = {March},
  note        = {},
  annote      = {}
}

